 @ARTICLE{Boss2011,
       author = {{Boss}, Alan P.},
        title = "{Formation of Giant Planets by Disk Instability on Wide Orbits Around Protostars with Varied Masses}",
      journal = {\apj},
     keywords = {accretion, accretion disks, hydrodynamics, instabilities, planets and satellites: formation, protoplanetary disks, Astrophysics - Earth and Planetary Astrophysics},
         year = 2011,
        month = apr,
       volume = {731},
       number = {1},
          eid = {74},
        pages = {74},
          doi = {10.1088/0004-637X/731/1/74},
archivePrefix = {arXiv},
       eprint = {1102.4555},
 primaryClass = {astro-ph.EP},
       adsurl = {https://ui.adsabs.harvard.edu/abs/2011ApJ...731...74B},
      adsnote = {Provided by the SAO/NASA Astrophysics Data System}
}



@ARTICLE{Naoz2012,
       author = {{Naoz}, Smadar and {Farr}, Will M. and {Rasio}, Frederic A.},
        title = "{On the Formation of Hot Jupiters in Stellar Binaries}",
      journal = {\apjl},
     keywords = {binaries: general, planetary systems, Astrophysics - Earth and Planetary Astrophysics},
         year = 2012,
        month = aug,
       volume = {754},
       number = {2},
          eid = {L36},
        pages = {L36},
          doi = {10.1088/2041-8205/754/2/L36},
archivePrefix = {arXiv},
       eprint = {1206.3529},
 primaryClass = {astro-ph.EP},
       adsurl = {https://ui.adsabs.harvard.edu/abs/2012ApJ...754L..36N},
      adsnote = {Provided by the SAO/NASA Astrophysics Data System}
}

@ARTICLE{leigh16b,
       author = {{Leigh}, Nathan W.~C. and {Geller}, Aaron M. and {Toonen}, Silvia},
        title = "{Interrupted Binary Mass Transfer in Star Clusters}",
      journal = {\apj},
     keywords = {binaries: close, binaries: general, galaxies: star clusters: general, globular clusters: general, open clusters and associations: general, stars: kinematics and dynamics, Astrophysics - Solar and Stellar Astrophysics},
         year = 2016,
        month = feb,
       volume = {818},
       number = {1},
          eid = {21},
        pages = {21},
          doi = {10.3847/0004-637X/818/1/21},
archivePrefix = {arXiv},
       eprint = {1601.00651},
 primaryClass = {astro-ph.SR},
       adsurl = {https://ui.adsabs.harvard.edu/abs/2016ApJ...818...21L},
      adsnote = {Provided by the SAO/NASA Astrophysics Data System}
}

@ARTICLE{geller15,
       author = {{Geller}, Aaron M. and {Leigh}, Nathan W.~C.},
        title = "{Interrupted Stellar Encounters in Star Clusters}",
      journal = {\apjl},
     keywords = {binaries: general, galaxies: star clusters: general, globular clusters: general, methods: numerical, open clusters and associations: general, stars: kinematics and dynamics, Astrophysics - Solar and Stellar Astrophysics},
         year = 2015,
        month = jul,
       volume = {808},
       number = {1},
          eid = {L25},
        pages = {L25},
          doi = {10.1088/2041-8205/808/1/L25},
archivePrefix = {arXiv},
       eprint = {1506.08830},
 primaryClass = {astro-ph.SR},
       adsurl = {https://ui.adsabs.harvard.edu/abs/2015ApJ...808L..25G},
      adsnote = {Provided by the SAO/NASA Astrophysics Data System}
}

@ARTICLE{leigh16a,
       author = {{Leigh}, Nathan W.~C. and {Antonini}, Fabio and {Stone}, Nicholas C. and
         {Shara}, Michael M. and {Merritt}, David},
        title = "{On the origins of enigmatic stellar populations in Local Group galactic nuclei}",
      journal = {\mnras},
     keywords = {galaxies: nuclei, blue stragglers, galaxies: photometry, stars: kinematics and dynamics, stars: black holes, Galaxy: centre, Astrophysics - Astrophysics of Galaxies, Astrophysics - Solar and Stellar Astrophysics},
         year = 2016,
        month = dec,
       volume = {463},
       number = {2},
        pages = {1605-1623},
          doi = {10.1093/mnras/stw2018},
archivePrefix = {arXiv},
       eprint = {1608.02944},
 primaryClass = {astro-ph.GA},
       adsurl = {https://ui.adsabs.harvard.edu/abs/2016MNRAS.463.1605L},
      adsnote = {Provided by the SAO/NASA Astrophysics Data System}
}


@ARTICLE{leigh12,
       author = {{Leigh}, Nathan and {Geller}, Aaron M.},
        title = "{Small-N collisional dynamics: pushing into the realm of not-so-small N}",
      journal = {\mnras},
     keywords = {scattering, gravitation, methods: statistical, celestial mechanics, binaries: close, Astrophysics - Solar and Stellar Astrophysics, Physics - Classical Physics},
         year = 2012,
        month = sep,
       volume = {425},
       number = {3},
        pages = {2369-2377},
          doi = {10.1111/j.1365-2966.2012.21689.x},
archivePrefix = {arXiv},
       eprint = {1207.2469},
 primaryClass = {astro-ph.SR},
       adsurl = {https://ui.adsabs.harvard.edu/abs/2012MNRAS.425.2369L},
      adsnote = {Provided by the SAO/NASA Astrophysics Data System}
}

 
@ARTICLE{Lafreniere2011,
       author = {{Lafreni{\`e}re}, David and {Jayawardhana}, Ray and {Janson}, Markus and
         {Helling}, Christiane and {Witte}, Soeren and {Hauschildt}, Peter},
        title = "{Discovery of an \raisebox{-0.5ex}\textasciitilde23 M $_{Jup}$ Brown Dwarf Orbiting \raisebox{-0.5ex}\textasciitilde700 AU from the Massive Star HIP 78530 in Upper Scorpius}",
      journal = {\apj},
     keywords = {brown dwarfs, planetary systems, stars: formation, stars: low-mass, stars: pre-main sequence, Astrophysics - Solar and Stellar Astrophysics, Astrophysics - Earth and Planetary Astrophysics},
         year = 2011,
        month = mar,
       volume = {730},
       number = {1},
          eid = {42},
        pages = {42},
          doi = {10.1088/0004-637X/730/1/42},
archivePrefix = {arXiv},
       eprint = {1101.4666},
 primaryClass = {astro-ph.SR},
       adsurl = {https://ui.adsabs.harvard.edu/abs/2011ApJ...730...42L},
      adsnote = {Provided by the SAO/NASA Astrophysics Data System}
}

 
 
 @ARTICLE{Perets2012,
       author = {{Perets}, Hagai B. and {Kouwenhoven}, M.~B.~N.},
        title = "{On the Origin of Planets at Very Wide Orbits from the Recapture of Free Floating Planets}",
      journal = {\apj},
     keywords = {binaries: general, planetary systems, planets and satellites: detection, planets and satellites: dynamical evolution and stability, planets and satellites: formation, stars: kinematics and dynamics, Astrophysics - Earth and Planetary Astrophysics, Astrophysics - Solar and Stellar Astrophysics},
         year = 2012,
        month = may,
       volume = {750},
       number = {1},
          eid = {83},
        pages = {83},
          doi = {10.1088/0004-637X/750/1/83},
archivePrefix = {arXiv},
       eprint = {1202.2362},
 primaryClass = {astro-ph.EP},
       adsurl = {https://ui.adsabs.harvard.edu/abs/2012ApJ...750...83P},
      adsnote = {Provided by the SAO/NASA Astrophysics Data System}
}
 @ARTICLE{Petrovich2014,
       author = {{Petrovich}, Cristobal and {Tremaine}, Scott and {Rafikov}, Roman},
        title = "{Scattering Outcomes of Close-in Planets: Constraints on Planet Migration}",
      journal = {\apj},
     keywords = {planetary systems, planets and satellites: dynamical evolution and stability, planets and satellites: formation, planets and satellites: gaseous planets, Astrophysics - Earth and Planetary Astrophysics},
         year = 2014,
        month = may,
       volume = {786},
       number = {2},
          eid = {101},
        pages = {101},
          doi = {10.1088/0004-637X/786/2/101},
archivePrefix = {arXiv},
       eprint = {1401.4457},
 primaryClass = {astro-ph.EP},
       adsurl = {https://ui.adsabs.harvard.edu/abs/2014ApJ...786..101P},
      adsnote = {Provided by the SAO/NASA Astrophysics Data System}
}

@ARTICLE{Deal2015,
       author = {{Deal}, Morgan and {Richard}, Olivier and {Vauclair}, Sylvie},
        title = "{Accretion of planetary matter and the lithium problem in the 16 Cygni stellar system}",
      journal = {\aap},
     keywords = {stars: abundances, stars: individual: 16 Cygni, stars: solar-type, planetary systems, accretion, accretion disks, convection, Astrophysics - Solar and Stellar Astrophysics},
         year = 2015,
        month = dec,
       volume = {584},
          eid = {A105},
        pages = {A105},
          doi = {10.1051/0004-6361/201526917},
archivePrefix = {arXiv},
       eprint = {1509.06958},
 primaryClass = {astro-ph.SR},
       adsurl = {https://ui.adsabs.harvard.edu/abs/2015A&A...584A.105D},
      adsnote = {Provided by the SAO/NASA Astrophysics Data System}
}



 @ARTICLE{Ida2013,
       author = {{Ida}, S. and {Lin}, D.~N.~C. and {Nagasawa}, M.},
        title = "{Toward a Deterministic Model of Planetary Formation. VII. Eccentricity Distribution of Gas Giants}",
      journal = {\apj},
     keywords = {planets and satellites: formation, planet-disk interactions, protoplanetary disks, stars: statistics, Astrophysics - Earth and Planetary Astrophysics},
         year = 2013,
        month = sep,
       volume = {775},
       number = {1},
          eid = {42},
        pages = {42},
          doi = {10.1088/0004-637X/775/1/42},
archivePrefix = {arXiv},
       eprint = {1307.6450},
 primaryClass = {astro-ph.EP},
       adsurl = {https://ui.adsabs.harvard.edu/abs/2013ApJ...775...42I},
      adsnote = {Provided by the SAO/NASA Astrophysics Data System}
}



 @ARTICLE{Goldreich2004,
       author = {{Goldreich}, Peter and {Lithwick}, Yoram and {Sari}, Re'em},
        title = "{Planet Formation by Coagulation: A Focus on Uranus and Neptune}",
      journal = {\araa},
     keywords = {Astrophysics},
         year = 2004,
        month = sep,
       volume = {42},
       number = {1},
        pages = {549-601},
          doi = {10.1146/annurev.astro.42.053102.134004},
archivePrefix = {arXiv},
       eprint = {astro-ph/0405215},
 primaryClass = {astro-ph},
       adsurl = {https://ui.adsabs.harvard.edu/abs/2004ARA&A..42..549G},
      adsnote = {Provided by the SAO/NASA Astrophysics Data System}
}



 @ARTICLE{Liu2015,
       author = {{Liu}, Bin and {Mu{\~n}oz}, Diego J. and {Lai}, Dong},
        title = "{Suppression of extreme orbital evolution in triple systems with short-range forces}",
      journal = {\mnras},
     keywords = {binaries: close, planetary systems, Astrophysics - Earth and Planetary Astrophysics},
         year = 2015,
        month = feb,
       volume = {447},
       number = {1},
        pages = {747-764},
          doi = {10.1093/mnras/stu2396},
archivePrefix = {arXiv},
       eprint = {1409.6717},
 primaryClass = {astro-ph.EP},
       adsurl = {https://ui.adsabs.harvard.edu/abs/2015MNRAS.447..747L},
      adsnote = {Provided by the SAO/NASA Astrophysics Data System}
}


 
 @ARTICLE{Hut83,
       author = {{Hut}, P. and {Bahcall}, J.~N.},
        title = "{Binary-single star scattering. I - Numerical experiments for equal masses}",
      journal = {\apj},
     keywords = {Binary Stars, Gravitational Effects, Star Distribution, Stellar Mass, Eccentric Orbits, Energy Transfer, Error Analysis, Ionization Cross Sections, Numerical Integration, Scattering, Astrophysics},
         year = 1983,
        month = may,
       volume = {268},
        pages = {319-341},
          doi = {10.1086/160956},
       adsurl = {https://ui.adsabs.harvard.edu/abs/1983ApJ...268..319H},
      adsnote = {Provided by the SAO/NASA Astrophysics Data System}
}

@ARTICLE{hamers19b,
       author = {{Hamers}, Adrian S. and {Samsing}, Johan},
        title = "{Analytic computation of the secular effects of encounters on a binary: third-order perturbation, octupole, and post-Newtonian terms; steady-state distribution}",
      journal = {\mnras},
     keywords = {gravitation, celestial mechanics, stars: kinematics and dynamics, globular clusters: general, Astrophysics - High Energy Astrophysical Phenomena},
         year = 2019,
        month = oct,
       volume = {488},
       number = {4},
        pages = {5192-5209},
          doi = {10.1093/mnras/stz2029},
archivePrefix = {arXiv},
       eprint = {1906.08666},
 primaryClass = {astro-ph.HE},
       adsurl = {https://ui.adsabs.harvard.edu/abs/2019MNRAS.488.5192H},
      adsnote = {Provided by the SAO/NASA Astrophysics Data System}
}


@ARTICLE{hamers19a,
       author = {{Hamers}, Adrian S. and {Samsing}, Johan},
        title = "{Analytic computation of the secular effects of encounters on a binary: features arising from second-order perturbation theory}",
      journal = {\mnras},
     keywords = {gravitation, celestial mechanics, stars: kinematics and dynamics, globular clusters: general, Astrophysics - Solar and Stellar Astrophysics, Astrophysics - Earth and Planetary Astrophysics},
         year = 2019,
        month = aug,
       volume = {487},
       number = {4},
        pages = {5630-5648},
          doi = {10.1093/mnras/stz1646},
archivePrefix = {arXiv},
       eprint = {1904.09624},
 primaryClass = {astro-ph.SR},
       adsurl = {https://ui.adsabs.harvard.edu/abs/2019MNRAS.487.5630H},
      adsnote = {Provided by the SAO/NASA Astrophysics Data System}
}

@ARTICLE{veras2013,
       author = {{Veras}, Dimitri and {Mustill}, Alexander J. and {Bonsor}, Amy and
         {Wyatt}, Mark C.},
        title = "{Simulations of two-planet systems through all phases of stellar evolution: implications for the instability boundary and white dwarf pollution}",
      journal = {\mnras},
     keywords = {planets and satellites: dynamical evolution and stability, planet-star interactions, stars: AGB and post-AGB, stars: evolution, white dwarfs, Astrophysics - Earth and Planetary Astrophysics, Astrophysics - Solar and Stellar Astrophysics},
         year = 2013,
        month = may,
       volume = {431},
       number = {2},
        pages = {1686-1708},
          doi = {10.1093/mnras/stt289},
archivePrefix = {arXiv},
       eprint = {1302.3615},
 primaryClass = {astro-ph.EP},
       adsurl = {https://ui.adsabs.harvard.edu/abs/2013MNRAS.431.1686V},
      adsnote = {Provided by the SAO/NASA Astrophysics Data System}
}



@ARTICLE{kratter2012,
       author = {{Kratter}, Kaitlin M. and {Perets}, Hagai B.},
        title = "{Star Hoppers: Planet Instability and Capture in Evolving Binary Systems}",
      journal = {\apj},
     keywords = {binaries: general, planets and satellites: general, stars: AGB and post-AGB, white dwarfs, Astrophysics - Earth and Planetary Astrophysics, Astrophysics - Solar and Stellar Astrophysics},
         year = 2012,
        month = jul,
       volume = {753},
       number = {1},
          eid = {91},
        pages = {91},
          doi = {10.1088/0004-637X/753/1/91},
archivePrefix = {arXiv},
       eprint = {1204.2014},
 primaryClass = {astro-ph.EP},
       adsurl = {https://ui.adsabs.harvard.edu/abs/2012ApJ...753...91K},
      adsnote = {Provided by the SAO/NASA Astrophysics Data System}
}

@ARTICLE{Li2020,
       author = {{Li}, Daohai and {Mustill}, Alexander J. and {Davies}, Melvyn B.},
        title = "{Flyby encounters between two planetary systems II: exploring the interactions of diverse planetary system architectures}",
      journal = {\mnras},
     keywords = {Celestial mechanics, planet-star interactions, open clusters and associations: general, planetary systems, planet─star interactions, Astrophysics - Earth and Planetary Astrophysics, Astrophysics - Astrophysics of Galaxies, Astrophysics - Solar and Stellar Astrophysics},
         year = 2020,
        month = jun,
       volume = {496},
       number = {2},
        pages = {1149-1165},
          doi = {10.1093/mnras/staa1622},
archivePrefix = {arXiv},
       eprint = {2002.09271},
 primaryClass = {astro-ph.EP},
       adsurl = {https://ui.adsabs.harvard.edu/abs/2020MNRAS.496.1149L},
      adsnote = {Provided by the SAO/NASA Astrophysics Data System}
}

@ARTICLE{Li2019,
       author = {{Li}, Daohai and {Mustill}, Alexander J. and {Davies}, Melvyn B.},
        title = "{Fly-by encounters between two planetary systems I: Solar system analogues}",
      journal = {\mnras},
     keywords = {celestial mechanics, planet-star interactions, planetary systems, open clusters and associations: general, Astrophysics - Earth and Planetary Astrophysics},
         year = 2019,
        month = sep,
       volume = {488},
       number = {1},
        pages = {1366-1376},
          doi = {10.1093/mnras/stz1794},
archivePrefix = {arXiv},
       eprint = {1902.09804},
 primaryClass = {astro-ph.EP},
       adsurl = {https://ui.adsabs.harvard.edu/abs/2019MNRAS.488.1366L},
      adsnote = {Provided by the SAO/NASA Astrophysics Data System}
}


@ARTICLE{schuler2011,
       author = {{Schuler}, Simon C. and {Cunha}, Katia and {Smith}, Verne V. and
         {Ghezzi}, Luan and {King}, Jeremy R. and {Deliyannis}, Constantine P. and
         {Boesgaard}, Ann Merchant},
        title = "{Detailed Abundances of the Solar Twins 16 Cygni A and B: Constraining Planet Formation Models}",
      journal = {\apjl},
     keywords = {planetary systems, planets and satellites: formation, stars: abundances, stars: atmospheres, stars: individual: 16 Cyg A 16 Cyg B, Astrophysics - Solar and Stellar Astrophysics},
         year = 2011,
        month = aug,
       volume = {737},
       number = {2},
          eid = {L32},
        pages = {L32},
          doi = {10.1088/2041-8205/737/2/L32},
archivePrefix = {arXiv},
       eprint = {1107.3183},
 primaryClass = {astro-ph.SR},
       adsurl = {https://ui.adsabs.harvard.edu/abs/2011ApJ...737L..32S},
      adsnote = {Provided by the SAO/NASA Astrophysics Data System}
}



@ARTICLE{demarco2011,
       author = {{De Marco}, Orsola and {Soker}, Noam},
        title = "{The Role of Planets in Shaping Planetary Nebulae}",
      journal = {\pasp},
     keywords = {Astrophysics - Solar and Stellar Astrophysics},
         year = 2011,
        month = apr,
       volume = {123},
       number = {902},
        pages = {402},
          doi = {10.1086/659846},
archivePrefix = {arXiv},
       eprint = {1102.4647},
 primaryClass = {astro-ph.SR},
       adsurl = {https://ui.adsabs.harvard.edu/abs/2011PASP..123..402D},
      adsnote = {Provided by the SAO/NASA Astrophysics Data System}
}

@ARTICLE{ginsburg2012,
       author = {{Ginsburg}, Idan and {Loeb}, Abraham and {Wegner}, Gary A.},
        title = "{Hypervelocity planets and transits around hypervelocity stars}",
      journal = {\mnras},
     keywords = {black hole physics, binaries: close, binaries: general, Galaxy: centre, Galaxy: kinematics and dynamics, Astrophysics - Astrophysics of Galaxies},
         year = 2012,
        month = jun,
       volume = {423},
       number = {1},
        pages = {948-954},
          doi = {10.1111/j.1365-2966.2012.20930.x},
archivePrefix = {arXiv},
       eprint = {1201.1446},
 primaryClass = {astro-ph.GA},
       adsurl = {https://ui.adsabs.harvard.edu/abs/2012MNRAS.423..948G},
      adsnote = {Provided by the SAO/NASA Astrophysics Data System}
}

@BOOK{binney87,
       author = {{Binney}, James and {Tremaine}, Scott},
        title = "{Galactic dynamics}",
         year = 1987,
       adsurl = {https://ui.adsabs.harvard.edu/abs/1987gady.book.....B},
      adsnote = {Provided by the SAO/NASA Astrophysics Data System}
}


@BOOK{spitzer87,
       author = {{Spitzer}, Lyman},
        title = "{Dynamical evolution of globular clusters}",
         year = 1987,
       adsurl = {https://ui.adsabs.harvard.edu/abs/1987degc.book.....S},
      adsnote = {Provided by the SAO/NASA Astrophysics Data System}
}


@ARTICLE{naoz13,
       author = {{Naoz}, Smadar and {Farr}, Will M. and {Lithwick}, Yoram and
         {Rasio}, Frederic A. and {Teyssandier}, Jean},
        title = "{Secular dynamics in hierarchical three-body systems}",
      journal = {\mnras},
     keywords = {minor planets, asteroids: general, planets and satellites: dynamical evolution and stability, binaries: close, Astrophysics - Earth and Planetary Astrophysics, Astrophysics - Solar and Stellar Astrophysics},
         year = 2013,
        month = may,
       volume = {431},
       number = {3},
        pages = {2155-2171},
          doi = {10.1093/mnras/stt302},
archivePrefix = {arXiv},
       eprint = {1107.2414},
 primaryClass = {astro-ph.EP},
       adsurl = {https://ui.adsabs.harvard.edu/abs/2013MNRAS.431.2155N},
      adsnote = {Provided by the SAO/NASA Astrophysics Data System}
}

@BOOK{murray99,
       author = {{Murray}, C.~D. and {Dermott}, S.~F.},
        title = "{Solar system dynamics}",
         year = 1999,
       adsurl = {https://ui.adsabs.harvard.edu/abs/1999ssd..book.....M},
      adsnote = {Provided by the SAO/NASA Astrophysics Data System}
}

@ARTICLE{hamers18,
       author = {{Hamers}, Adrian S. and {Cai}, Maxwell X. and {Roa}, Javier and
         {Leigh}, Nathan},
        title = "{Stability of exomoons around the Kepler transiting circumbinary planets}",
      journal = {\mnras},
     keywords = {gravitation, planets and satellites: dynamical evolution and stability, planet--star interactions, Astrophysics - Earth and Planetary Astrophysics},
         year = 2018,
        month = nov,
       volume = {480},
       number = {3},
        pages = {3800-3811},
          doi = {10.1093/mnras/sty2117},
archivePrefix = {arXiv},
       eprint = {1806.06075},
 primaryClass = {astro-ph.EP},
       adsurl = {https://ui.adsabs.harvard.edu/abs/2018MNRAS.480.3800H},
      adsnote = {Provided by the SAO/NASA Astrophysics Data System}
}

@ARTICLE{samsing18,
       author = {{Samsing}, Johan and {Leigh}, Nathan W.~C. and {Trani}, Alessandro A.},
        title = "{Implementing tidal and gravitational wave energy losses in few-body codes: A fast and easy drag force model}",
      journal = {\mnras},
     keywords = {gravitation, methods: numerical, stars: kinematics and dynamics, Astrophysics - High Energy Astrophysical Phenomena},
         year = 2018,
        month = dec,
       volume = {481},
       number = {4},
        pages = {5436-5444},
          doi = {10.1093/mnras/sty2247},
archivePrefix = {arXiv},
       eprint = {1803.08215},
 primaryClass = {astro-ph.HE},
       adsurl = {https://ui.adsabs.harvard.edu/abs/2018MNRAS.481.5436S},
      adsnote = {Provided by the SAO/NASA Astrophysics Data System}
}



 @ARTICLE{fregeau04,
       author = {{Fregeau}, J.~M. and {Cheung}, P. and {Portegies Zwart}, S.~F. and
         {Rasio}, F.~A.},
        title = "{Stellar collisions during binary-binary and binary-single star interactions}",
      journal = {\mnras},
     keywords = {stellar dynamics, methods: N-body simulations, methods: numerical, binaries: close, blue stragglers, globular clusters: general, Astrophysics},
         year = 2004,
        month = jul,
       volume = {352},
       number = {1},
        pages = {1-19},
          doi = {10.1111/j.1365-2966.2004.07914.x},
archivePrefix = {arXiv},
       eprint = {astro-ph/0401004},
 primaryClass = {astro-ph},
       adsurl = {https://ui.adsabs.harvard.edu/abs/2004MNRAS.352....1F},
      adsnote = {Provided by the SAO/NASA Astrophysics Data System}
}

 
 @ARTICLE{Wang2018,
       author = {{Wang}, Yi-Han and {Leigh}, Nathan and {Yuan}, Ye-Fei and
         {Perna}, Rosalba},
        title = "{The fate of close encounters between binary stars and binary supermassive black holes}",
      journal = {\mnras},
     keywords = {black hole physics, methods: numerical, celestial mechanics, Astrophysics - Astrophysics of Galaxies, Astrophysics - High Energy Astrophysical Phenomena},
         year = 2018,
        month = apr,
       volume = {475},
       number = {4},
        pages = {4595-4608},
          doi = {10.1093/mnras/sty107},
archivePrefix = {arXiv},
       eprint = {1710.10671},
 primaryClass = {astro-ph.GA},
       adsurl = {https://ui.adsabs.harvard.edu/abs/2018MNRAS.475.4595W},
      adsnote = {Provided by the SAO/NASA Astrophysics Data System}
}
 
 
 @ARTICLE{Wang2019,
       author = {{Wang}, Yi-Han and {Leigh}, Nathan W.~C. and {Sesana}, Alberto and
         {Perna}, Rosalba},
        title = "{The cosmological distribution of compact object mergers from dynamical interactions with SMBH binaries}",
      journal = {\mnras},
     keywords = {stars: kinematics and dynamics, stars: neutron, galaxy: centre, galaxy: kinematics and dynamics, galaxies: star clusters: general, Astrophysics - Astrophysics of Galaxies, Astrophysics - High Energy Astrophysical Phenomena, Astrophysics - Solar and Stellar Astrophysics},
         year = 2019,
        month = dec,
       volume = {490},
       number = {2},
        pages = {2627-2647},
          doi = {10.1093/mnras/stz2780},
archivePrefix = {arXiv},
       eprint = {1906.10142},
 primaryClass = {astro-ph.GA},
       adsurl = {https://ui.adsabs.harvard.edu/abs/2019MNRAS.490.2627W},
      adsnote = {Provided by the SAO/NASA Astrophysics Data System}
}
 
 
 
 @ARTICLE{Wang2020b,
       author = {{Wang}, Yi-Han and {Perna}, Rosalba and {Leigh}, Nathan W.~C.},
        title = "{Planetary architectures in interacting stellar environments}",
      journal = {\mnras},
     keywords = {star: kinematics and dynamics, planetary systems, simulations, Astrophysics - Earth and Planetary Astrophysics, Astrophysics - Astrophysics of Galaxies, Astrophysics - Solar and Stellar Astrophysics},
         year = 2020,
        month = jun,
       volume = {496},
       number = {2},
        pages = {1453-1470},
          doi = {10.1093/mnras/staa1627},
archivePrefix = {arXiv},
       eprint = {2002.05727},
 primaryClass = {astro-ph.EP},
       adsurl = {https://ui.adsabs.harvard.edu/abs/2020MNRAS.496.1453W},
      adsnote = {Provided by the SAO/NASA Astrophysics Data System}
}

 
 
 @ARTICLE{Wang2020a,
       author = {{Wang}, Yi-Han and {Perna}, Rosalba and {Leigh}, Nathan W.~C.},
        title = "{Giant Planet Swaps during Close Stellar Encounters}",
      journal = {\apjl},
     keywords = {Astrophysics - Earth and Planetary Astrophysics, Astrophysics - Astrophysics of Galaxies, Astrophysics - Solar and Stellar Astrophysics},
         year = 2020,
        month = mar,
       volume = {891},
       number = {1},
          eid = {L14},
        pages = {L14},
          doi = {10.3847/2041-8213/ab77d0},
archivePrefix = {arXiv},
       eprint = {2002.08366},
 primaryClass = {astro-ph.EP},
       adsurl = {https://ui.adsabs.harvard.edu/abs/2020ApJ...891L..14W},
      adsnote = {Provided by the SAO/NASA Astrophysics Data System}
}



@ARTICLE{Flammini2019,
       author = {{Flammini Dotti}, Francesco and {Kouwenhoven}, M.~B.~N. and
         {Cai}, Maxwell Xu and {Spurzem}, Rainer},
        title = "{Planetary systems in a star cluster I: the Solar system scenario}",
      journal = {\mnras},
     keywords = {planetary systems, stars: solar-type, stars: statistics, galaxy: stellar content, Astrophysics - Earth and Planetary Astrophysics, Astrophysics - Solar and Stellar Astrophysics},
         year = 2019,
        month = oct,
       volume = {489},
       number = {2},
        pages = {2280-2297},
          doi = {10.1093/mnras/stz2346},
archivePrefix = {arXiv},
       eprint = {1908.07747},
 primaryClass = {astro-ph.EP},
       adsurl = {https://ui.adsabs.harvard.edu/abs/2019MNRAS.489.2280F},
      adsnote = {Provided by the SAO/NASA Astrophysics Data System}
}

@ARTICLE{Cai2019,
       author = {{Cai}, Maxwell X. and {Portegies Zwart}, S. and {Kouwenhoven}, M.~B.~N. and
         {Spurzem}, Rainer},
        title = "{On the survivability of planets in young massive clusters and its implication of planet orbital architectures in globular clusters}",
      journal = {\mnras},
     keywords = {methods: numerical, planets and satellites: dynamical evolution and stability, planets and satellites: formation, globular clusters: general, galaxies: star clusters: general, Astrophysics - Earth and Planetary Astrophysics},
         year = 2019,
        month = nov,
       volume = {489},
       number = {3},
        pages = {4311-4321},
          doi = {10.1093/mnras/stz2467},
archivePrefix = {arXiv},
       eprint = {1903.02316},
 primaryClass = {astro-ph.EP},
       adsurl = {https://ui.adsabs.harvard.edu/abs/2019MNRAS.489.4311C},
      adsnote = {Provided by the SAO/NASA Astrophysics Data System}
}


@ARTICLE{Mardling2001,
   author = {{Mardling}, R.~A. and {Aarseth}, S.~J.},
    title = "{Tidal interactions in star cluster simulations}",
  journal = {\mnras},
 keywords = {GRAVITATION, STELLAR DYNAMICS, BINARIES: CLOSE, STARS: EVOLUTION, STARS: MASS-LOSS, OPEN CLUSTERS AND ASSOCIATIONS: GENERAL, gravitation, stellar dynamics, binaries: close, stars: evolution, stars: mass-loss, open clusters and associations: general},
     year = 2001,
    month = mar,
   volume = 321,
    pages = {398-420},
      doi = {10.1046/j.1365-8711.2001.03974.x},
   adsurl = {http://adsabs.harvard.edu/abs/2001MNRAS.321..398M},
  adsnote = {Provided by the SAO/NASA Astrophysics Data System}
}



@ARTICLE{Hut1981,
       author = {{Hut}, P.},
        title = "{Tidal evolution in close binary systems.}",
      journal = {\aap},
     keywords = {Binary Stars, Celestial Mechanics, Stellar Evolution, Stellar Models, Tides, Two Body Problem, Angular Momentum, Companion Stars, Conservation Laws, Energy Dissipation, Equilibrium Equations, Gravitational Effects, Perturbation Theory, Stellar Rotation, Synchronism, X Ray Stars, Astrophysics},
         year = 1981,
        month = jun,
       volume = {99},
        pages = {126-140},
       adsurl = {https://ui.adsabs.harvard.edu/abs/1981A&A....99..126H},
      adsnote = {Provided by the SAO/NASA Astrophysics Data System}
}


@ARTICLE{Peters1964,
       author = {{Peters}, P.~C.},
        title = "{Gravitational Radiation and the Motion of Two Point Masses}",
      journal = {Physical Review},
         year = 1964,
        month = nov,
       volume = {136},
       number = {4B},
        pages = {1224-1232},
          doi = {10.1103/PhysRev.136.B1224},
       adsurl = {https://ui.adsabs.harvard.edu/abs/1964PhRv..136.1224P},
      adsnote = {Provided by the SAO/NASA Astrophysics Data System}
}

@ARTICLE{Adams2006,
       author = {{Adams}, Fred C. and {Proszkow}, Eva M. and {Fatuzzo}, Marco and
         {Myers}, Philip C.},
        title = "{Early Evolution of Stellar Groups and Clusters: Environmental Effects on Forming Planetary Systems}",
      journal = {\apj},
     keywords = {Galaxy: Open Clusters and Associations: General, Planets and Satellites: Formation, Stars: Formation, Astrophysics},
         year = 2006,
        month = apr,
       volume = {641},
       number = {1},
        pages = {504-525},
          doi = {10.1086/500393},
archivePrefix = {arXiv},
       eprint = {astro-ph/0512330},
 primaryClass = {astro-ph},
       adsurl = {https://ui.adsabs.harvard.edu/abs/2006ApJ...641..504A},
      adsnote = {Provided by the SAO/NASA Astrophysics Data System}
}



@ARTICLE{Anderson2016,
       author = {{Anderson}, Kassandra R. and {Storch}, Natalia I. and {Lai}, Dong},
        title = "{Formation and stellar spin-orbit misalignment of hot Jupiters from Lidov-Kozai oscillations in stellar binaries}",
      journal = {\mnras},
     keywords = {planets and satellites: dynamical evolution and stability - planet-star interactions, binaries: general, Astrophysics - Earth and Planetary Astrophysics, Astrophysics - Solar and Stellar Astrophysics},
         year = 2016,
        month = mar,
       volume = {456},
       number = {4},
        pages = {3671-3701},
          doi = {10.1093/mnras/stv2906},
archivePrefix = {arXiv},
       eprint = {1510.08918},
 primaryClass = {astro-ph.EP},
       adsurl = {https://ui.adsabs.harvard.edu/abs/2016MNRAS.456.3671A},
      adsnote = {Provided by the SAO/NASA Astrophysics Data System}
}

@ARTICLE{Anderson2017,
       author = {{Anderson}, Kassandra R. and {Lai}, Dong},
        title = "{Moderately eccentric warm Jupiters from secular interactions with exterior companions}",
      journal = {\mnras},
     keywords = {planets and satellites: dynamical evolution and stability, Astrophysics - Earth and Planetary Astrophysics},
         year = 2017,
        month = dec,
       volume = {472},
       number = {3},
        pages = {3692-3705},
          doi = {10.1093/mnras/stx2250},
archivePrefix = {arXiv},
       eprint = {1706.00084},
 primaryClass = {astro-ph.EP},
       adsurl = {https://ui.adsabs.harvard.edu/abs/2017MNRAS.472.3692A},
      adsnote = {Provided by the SAO/NASA Astrophysics Data System}
}

@ARTICLE{Bailey2018,
       author = {{Bailey}, Elizabeth and {Batygin}, Konstantin},
        title = "{The Hot Jupiter Period-Mass Distribution as a Signature of in situ Formation}",
      journal = {\apjl},
     keywords = {planetary systems, Astrophysics - Earth and Planetary Astrophysics},
         year = 2018,
        month = oct,
       volume = {866},
       number = {1},
          eid = {L2},
        pages = {L2},
          doi = {10.3847/2041-8213/aade90},
archivePrefix = {arXiv},
       eprint = {1809.05517},
 primaryClass = {astro-ph.EP},
       adsurl = {https://ui.adsabs.harvard.edu/abs/2018ApJ...866L...2B},
      adsnote = {Provided by the SAO/NASA Astrophysics Data System}
}



@ARTICLE{Batygin2016,
       author = {{Batygin}, Konstantin and {Bodenheimer}, Peter H. and
         {Laughlin}, Gregory P.},
        title = "{In Situ Formation and Dynamical Evolution of Hot Jupiter Systems}",
      journal = {\apj},
     keywords = {planets and satellites: dynamical evolution and stability, planets and satellites: formation, Astrophysics - Earth and Planetary Astrophysics},
         year = 2016,
        month = oct,
       volume = {829},
       number = {2},
          eid = {114},
        pages = {114},
          doi = {10.3847/0004-637X/829/2/114},
archivePrefix = {arXiv},
       eprint = {1511.09157},
 primaryClass = {astro-ph.EP},
       adsurl = {https://ui.adsabs.harvard.edu/abs/2016ApJ...829..114B},
      adsnote = {Provided by the SAO/NASA Astrophysics Data System}
}




@ARTICLE{Boss1997,
       author = {{Boss}, A.~P.},
        title = "{Giant planet formation by gravitational instability.}",
      journal = {Science},
     keywords = {Jovian Planets: Formation, Solar Nebula: Gravitational Instability, Protoplanetary Disks: Hydrodynamics},
         year = 1997,
        month = jan,
       volume = {276},
        pages = {1836-1839},
          doi = {10.1126/science.276.5320.1836},
       adsurl = {https://ui.adsabs.harvard.edu/abs/1997Sci...276.1836B},
      adsnote = {Provided by the SAO/NASA Astrophysics Data System}
}

@ARTICLE{Brucalassi2016,
       author = {{Brucalassi}, A. and {Pasquini}, L. and {Saglia}, R. and {Ruiz}, M.~T. and
         {Bonifacio}, P. and {Le{\~a}o}, I. and {Canto Martins}, B.~L. and
         {de Medeiros}, J.~R. and {Bedin}, L.~R. and {Biazzo}, K. and
         {Melo}, C. and {Lovis}, C. and {Randich}, S.},
        title = "{Search for giant planets in M67. III. Excess of hot Jupiters in dense open clusters}",
      journal = {\aap},
     keywords = {planets and satellites: gaseous planets, techniques: radial velocities, Astrophysics - Earth and Planetary Astrophysics},
         year = 2016,
        month = jul,
       volume = {592},
          eid = {L1},
        pages = {L1},
          doi = {10.1051/0004-6361/201527561},
archivePrefix = {arXiv},
       eprint = {1606.05247},
 primaryClass = {astro-ph.EP},
       adsurl = {https://ui.adsabs.harvard.edu/abs/2016A&A...592L...1B},
      adsnote = {Provided by the SAO/NASA Astrophysics Data System}
}



@INPROCEEDINGS{Chabrier2014,
       author = {{Chabrier}, G. and {Johansen}, A. and {Janson}, M. and {Rafikov}, R.},
        title = "{Giant Planet and Brown Dwarf Formation}",
     keywords = {Astrophysics - Solar and Stellar Astrophysics, Astrophysics - Earth and Planetary Astrophysics},
    booktitle = {Protostars and Planets VI},
         year = 2014,
       editor = {{Beuther}, Henrik and {Klessen}, Ralf S. and {Dullemond}, Cornelis P. and
         {Henning}, Thomas},
        month = jan,
        pages = {619},
          doi = {10.2458/azu_uapress_9780816531240-ch027},
archivePrefix = {arXiv},
       eprint = {1401.7559},
 primaryClass = {astro-ph.SR},
       adsurl = {https://ui.adsabs.harvard.edu/abs/2014prpl.conf..619C},
      adsnote = {Provided by the SAO/NASA Astrophysics Data System}
}

@ARTICLE{Chatterjee2008,
       author = {{Chatterjee}, Sourav and {Ford}, Eric B. and {Matsumura}, Soko and
         {Rasio}, Frederic A.},
        title = "{Dynamical Outcomes of Planet-Planet Scattering}",
      journal = {\apj},
     keywords = {instabilities, methods: numerical, planetary systems, planetary systems: formation, scattering, Astrophysics},
         year = 2008,
        month = oct,
       volume = {686},
       number = {1},
        pages = {580-602},
          doi = {10.1086/590227},
archivePrefix = {arXiv},
       eprint = {astro-ph/0703166},
 primaryClass = {astro-ph},
       adsurl = {https://ui.adsabs.harvard.edu/abs/2008ApJ...686..580C},
      adsnote = {Provided by the SAO/NASA Astrophysics Data System}
}

@INPROCEEDINGS{Durisen2007,
       author = {{Durisen}, R.~H. and {Boss}, A.~P. and {Mayer}, L. and {Nelson}, A.~F. and
         {Quinn}, T. and {Rice}, W.~K.~M.},
        title = "{Gravitational Instabilities in Gaseous Protoplanetary Disks and Implications for Giant Planet Formation}",
     keywords = {Astrophysics},
    booktitle = {Protostars and Planets V},
         year = 2007,
       editor = {{Reipurth}, Bo and {Jewitt}, David and {Keil}, Klaus},
        month = jan,
        pages = {607},
archivePrefix = {arXiv},
       eprint = {astro-ph/0603179},
 primaryClass = {astro-ph},
       adsurl = {https://ui.adsabs.harvard.edu/abs/2007prpl.conf..607D},
      adsnote = {Provided by the SAO/NASA Astrophysics Data System}
}

@ARTICLE{Fabrycky2007,
       author = {{Fabrycky}, Daniel and {Tremaine}, Scott},
        title = "{Shrinking Binary and Planetary Orbits by Kozai Cycles with Tidal Friction}",
      journal = {\apj},
     keywords = {Stars: Binaries: Close, Celestial Mechanics, Methods: Statistical, Stars: Planetary Systems, Astrophysics},
         year = 2007,
        month = nov,
       volume = {669},
       number = {2},
        pages = {1298-1315},
          doi = {10.1086/521702},
archivePrefix = {arXiv},
       eprint = {0705.4285},
 primaryClass = {astro-ph},
       adsurl = {https://ui.adsabs.harvard.edu/abs/2007ApJ...669.1298F},
      adsnote = {Provided by the SAO/NASA Astrophysics Data System}
}

@ARTICLE{Ford2006,
       author = {{Ford}, Eric B. and {Rasio}, Frederic A.},
        title = "{On the Relation between Hot Jupiters and the Roche Limit}",
      journal = {\apjl},
     keywords = {Methods: Statistical, Stars: Planetary Systems: Formation, Astrophysics},
         year = 2006,
        month = feb,
       volume = {638},
       number = {1},
        pages = {L45-L48},
          doi = {10.1086/500734},
archivePrefix = {arXiv},
       eprint = {astro-ph/0512632},
 primaryClass = {astro-ph},
       adsurl = {https://ui.adsabs.harvard.edu/abs/2006ApJ...638L..45F},
      adsnote = {Provided by the SAO/NASA Astrophysics Data System}
}

@ARTICLE{Goldreich1980,
       author = {{Goldreich}, P. and {Tremaine}, S.},
        title = "{Disk-satellite interactions.}",
      journal = {\apj},
     keywords = {Jupiter (Planet), Momentum Transfer, Natural Satellites, Planetary Evolution, Protoplanets, Angular Momentum, Celestial Mechanics, Resonance, Solar System, Astronomy, Jupiter:Protoplanetary Nebula, Planetary Rings:Planetary Satellites},
         year = 1980,
        month = oct,
       volume = {241},
        pages = {425-441},
          doi = {10.1086/158356},
       adsurl = {https://ui.adsabs.harvard.edu/abs/1980ApJ...241..425G},
      adsnote = {Provided by the SAO/NASA Astrophysics Data System}
}

@INPROCEEDINGS{Gunther2020,
       author = {{Gunther}, S. and {Guinan}, E.},
        title = "{Decreasing Orbital Periods Reveal the Formation, Evolution, and Ultimate Fates of Hot Jupiter Systems {\textemdash} Focus on HD 189733}",
    booktitle = {American Astronomical Society Meeting Abstracts},
         year = 2020,
       series = {American Astronomical Society Meeting Abstracts},
        month = jan,
          eid = {174.29},
        pages = {174.29},
       adsurl = {https://ui.adsabs.harvard.edu/abs/2020AAS...23517429G},
      adsnote = {Provided by the SAO/NASA Astrophysics Data System}
}


@ARTICLE{Hamers2017,
       author = {{Hamers}, Adrian S. and {Antonini}, Fabio and {Lithwick}, Yoram and
         {Perets}, Hagai B. and {Portegies Zwart}, Simon F.},
        title = "{Secular dynamics of multiplanet systems: implications for the formation of hot and warm Jupiters via high-eccentricity migration}",
      journal = {\mnras},
     keywords = {gravitation, planets and satellites: dynamical evolution and stability, planet-star interactions, Astrophysics - Earth and Planetary Astrophysics},
         year = 2017,
        month = jan,
       volume = {464},
       number = {1},
        pages = {688-701},
          doi = {10.1093/mnras/stw2370},
archivePrefix = {arXiv},
       eprint = {1606.07438},
 primaryClass = {astro-ph.EP},
       adsurl = {https://ui.adsabs.harvard.edu/abs/2017MNRAS.464..688H},
      adsnote = {Provided by the SAO/NASA Astrophysics Data System}
}

@ARTICLE{Hurley2002,
       author = {{Hurley}, Jarrod R. and {Shara}, Michael M.},
        title = "{Free-floating Planets in Stellar Clusters: Not So Surprising}",
      journal = {\apj},
     keywords = {Galaxy: Globular Clusters: General, Methods: n-Body Simulations, Galaxy: Open Clusters and Associations: General, Stars: Planetary Systems, Stellar Dynamics, Astrophysics},
         year = 2002,
        month = feb,
       volume = {565},
       number = {2},
        pages = {1251-1256},
          doi = {10.1086/337921},
archivePrefix = {arXiv},
       eprint = {astro-ph/0108350},
 primaryClass = {astro-ph},
       adsurl = {https://ui.adsabs.harvard.edu/abs/2002ApJ...565.1251H},
      adsnote = {Provided by the SAO/NASA Astrophysics Data System}
}


@ARTICLE{Ida2008,
       author = {{Ida}, S. and {Lin}, D.~N.~C.},
        title = "{Toward a Deterministic Model of Planetary Formation. IV. Effects of Type I Migration}",
      journal = {\apj},
     keywords = {planetary systems: formation, solar system: formation, Astrophysics},
         year = 2008,
        month = jan,
       volume = {673},
       number = {1},
        pages = {487-501},
          doi = {10.1086/523754},
archivePrefix = {arXiv},
       eprint = {0802.1114},
 primaryClass = {astro-ph},
       adsurl = {https://ui.adsabs.harvard.edu/abs/2008ApJ...673..487I},
      adsnote = {Provided by the SAO/NASA Astrophysics Data System}
}

@ARTICLE{Katz2011,
       author = {{Katz}, Boaz and {Dong}, Subo and {Malhotra}, Renu},
        title = "{Long-Term Cycling of Kozai-Lidov Cycles: Extreme Eccentricities and Inclinations Excited by a Distant Eccentric Perturber}",
      journal = {\prl},
     keywords = {95.10.Ce, 45.50.Pk, 97.82.-j, Celestial mechanics, Extrasolar planetary systems, Astrophysics - Earth and Planetary Astrophysics},
         year = 2011,
        month = oct,
       volume = {107},
       number = {18},
          eid = {181101},
        pages = {181101},
          doi = {10.1103/PhysRevLett.107.181101},
archivePrefix = {arXiv},
       eprint = {1106.3340},
 primaryClass = {astro-ph.EP},
       adsurl = {https://ui.adsabs.harvard.edu/abs/2011PhRvL.107r1101K},
      adsnote = {Provided by the SAO/NASA Astrophysics Data System}
}

@ARTICLE{Kozai1962,
       author = {{Kozai}, Yoshihide},
        title = "{Secular perturbations of asteroids with high inclination and eccentricity}",
      journal = {\aj},
         year = 1962,
        month = nov,
       volume = {67},
        pages = {591-598},
          doi = {10.1086/108790},
       adsurl = {https://ui.adsabs.harvard.edu/abs/1962AJ.....67..591K},
      adsnote = {Provided by the SAO/NASA Astrophysics Data System}
}

@ARTICLE{Li2015,
       author = {{Li}, Gongjie and {Adams}, Fred C.},
        title = "{Cross-sections for planetary systems interacting with passing stars and binaries}",
      journal = {\mnras},
     keywords = {planets and satellites: dynamical evolution and stability, planetary systems, Astrophysics - Earth and Planetary Astrophysics},
         year = 2015,
        month = mar,
       volume = {448},
       number = {1},
        pages = {344-363},
          doi = {10.1093/mnras/stv012},
archivePrefix = {arXiv},
       eprint = {1501.00911},
 primaryClass = {astro-ph.EP},
       adsurl = {https://ui.adsabs.harvard.edu/abs/2015MNRAS.448..344L},
      adsnote = {Provided by the SAO/NASA Astrophysics Data System}
}

@ARTICLE{Lidov1962,
       author = {{Lidov}, M.~L.},
        title = "{The evolution of orbits of artificial satellites of planets under the action of gravitational perturbations of external bodies}",
      journal = {\planss},
         year = 1962,
        month = oct,
       volume = {9},
       number = {10},
        pages = {719-759},
          doi = {10.1016/0032-0633(62)90129-0},
       adsurl = {https://ui.adsabs.harvard.edu/abs/1962P&SS....9..719L},
      adsnote = {Provided by the SAO/NASA Astrophysics Data System}
}

@ARTICLE{Lin1986,
       author = {{Lin}, D.~N.~C. and {Papaloizou}, John},
        title = "{On the Tidal Interaction between Protoplanets and the Protoplanetary Disk. III. Orbital Migration of Protoplanets}",
      journal = {\apj},
     keywords = {Planetary Evolution, Protoplanets, Stellar Evolution, Stellar Models, Tides, Angular Momentum, Feedback, Momentum Transfer, Orbit Perturbation, Astrophysics, PLANETS: FORMATION, STARS: FORMATION},
         year = 1986,
        month = oct,
       volume = {309},
        pages = {846},
          doi = {10.1086/164653},
       adsurl = {https://ui.adsabs.harvard.edu/abs/1986ApJ...309..846L},
      adsnote = {Provided by the SAO/NASA Astrophysics Data System}
}

@ARTICLE{Lin1996,
       author = {{Lin}, D.~N.~C. and {Bodenheimer}, P. and {Richardson}, D.~C.},
        title = "{Orbital migration of the planetary companion of 51 Pegasi to its present location}",
      journal = {\nat},
         year = 1996,
        month = apr,
       volume = {380},
       number = {6575},
        pages = {606-607},
          doi = {10.1038/380606a0},
       adsurl = {https://ui.adsabs.harvard.edu/abs/1996Natur.380..606L},
      adsnote = {Provided by the SAO/NASA Astrophysics Data System}
}

@ARTICLE{Mayor2011,
       author = {{Mayor}, M. and {Marmier}, M. and {Lovis}, C. and {Udry}, S. and
         {S{\'e}gransan}, D. and {Pepe}, F. and {Benz}, W. and
         {Bertaux}, J. -L. and {Bouchy}, F. and {Dumusque}, X. and
         {Lo Curto}, G. and {Mordasini}, C. and {Queloz}, D. and {Santos}, N.~C.},
        title = "{The HARPS search for southern extra-solar planets XXXIV. Occurrence, mass distribution and orbital properties of super-Earths and Neptune-mass planets}",
      journal = {arXiv e-prints},
     keywords = {Astrophysics - Earth and Planetary Astrophysics, Astrophysics - Solar and Stellar Astrophysics},
         year = 2011,
        month = sep,
          eid = {arXiv:1109.2497},
        pages = {arXiv:1109.2497},
archivePrefix = {arXiv},
       eprint = {1109.2497},
 primaryClass = {astro-ph.EP},
       adsurl = {https://ui.adsabs.harvard.edu/abs/2011arXiv1109.2497M},
      adsnote = {Provided by the SAO/NASA Astrophysics Data System}
}

@ARTICLE{Munoz2016,
       author = {{Mu{\~n}oz}, Diego J. and {Lai}, Dong and {Liu}, Bin},
        title = "{The formation efficiency of close-in planets via Lidov-Kozai migration: analytic calculations}",
      journal = {\mnras},
     keywords = {planets and satellites: dynamical evolution and stability, binaries: general, planetary system, Astrophysics - Earth and Planetary Astrophysics},
         year = 2016,
        month = jul,
       volume = {460},
       number = {1},
        pages = {1086-1093},
          doi = {10.1093/mnras/stw983},
archivePrefix = {arXiv},
       eprint = {1601.05814},
 primaryClass = {astro-ph.EP},
       adsurl = {https://ui.adsabs.harvard.edu/abs/2016MNRAS.460.1086M},
      adsnote = {Provided by the SAO/NASA Astrophysics Data System}
}

@ARTICLE{Naoz2011,
       author = {{Naoz}, Smadar and {Farr}, Will M. and {Lithwick}, Yoram and
         {Rasio}, Frederic A. and {Teyssandier}, Jean},
        title = "{Hot Jupiters from secular planet-planet interactions}",
      journal = {\nat},
     keywords = {Astrophysics - Earth and Planetary Astrophysics},
         year = 2011,
        month = may,
       volume = {473},
       number = {7346},
        pages = {187-189},
          doi = {10.1038/nature10076},
archivePrefix = {arXiv},
       eprint = {1011.2501},
 primaryClass = {astro-ph.EP},
       adsurl = {https://ui.adsabs.harvard.edu/abs/2011Natur.473..187N},
      adsnote = {Provided by the SAO/NASA Astrophysics Data System}
}


@ARTICLE{Parker2012,
       author = {{Parker}, Richard J. and {Quanz}, Sascha P.},
        title = "{The effects of dynamical interactions on planets in young substructured star clusters}",
      journal = {\mnras},
     keywords = {methods: numerical, planet-star interactions, stars: formation, stars: kinematics and dynamics, planetary systems, open clusters and associations: general, Astrophysics - Earth and Planetary Astrophysics, Astrophysics - Astrophysics of Galaxies},
         year = 2012,
        month = jan,
       volume = {419},
       number = {3},
        pages = {2448-2458},
          doi = {10.1111/j.1365-2966.2011.19911.x},
archivePrefix = {arXiv},
       eprint = {1109.6007},
 primaryClass = {astro-ph.EP},
       adsurl = {https://ui.adsabs.harvard.edu/abs/2012MNRAS.419.2448P},
      adsnote = {Provided by the SAO/NASA Astrophysics Data System}
}



@ARTICLE{Perri1974,
       author = {{Perri}, F. and {Cameron}, A.~G.~W.},
        title = "{Hydrodynamic Instability of the Solar Nebula in the Presence of a Planetary Core}",
      journal = {\icarus},
     keywords = {Astronomical Models, Flow Stability, Gravitational Effects, Planetary Evolution, Solar System, Adiabatic Conditions, Angular Velocity, Boundary Value Problems, Condensing, Envelopes, Gas Dynamics, Hydrodynamics, Jupiter (Planet), Nebulae, Planetary Mass, Saturn (Planet), Lunar and Planetary Exploration},
         year = 1974,
        month = aug,
       volume = {22},
       number = {4},
        pages = {416-425},
          doi = {10.1016/0019-1035(74)90074-8},
       adsurl = {https://ui.adsabs.harvard.edu/abs/1974Icar...22..416P},
      adsnote = {Provided by the SAO/NASA Astrophysics Data System}
}

@ARTICLE{Petrovich2015,
       author = {{Petrovich}, Cristobal},
        title = "{Steady-state Planet Migration by the Kozai-Lidov Mechanism in Stellar Binaries}",
      journal = {\apj},
     keywords = {binaries: general, planetary systems, planets and satellites: dynamical evolution and stability, planets and satellites: formation, Astrophysics - Earth and Planetary Astrophysics},
         year = 2015,
        month = jan,
       volume = {799},
       number = {1},
          eid = {27},
        pages = {27},
          doi = {10.1088/0004-637X/799/1/27},
archivePrefix = {arXiv},
       eprint = {1405.0280},
 primaryClass = {astro-ph.EP},
       adsurl = {https://ui.adsabs.harvard.edu/abs/2015ApJ...799...27P},
      adsnote = {Provided by the SAO/NASA Astrophysics Data System}
}



@ARTICLE{Pollack1996,
       author = {{Pollack}, James B. and {Hubickyj}, Olenka and {Bodenheimer}, Peter and
         {Lissauer}, Jack J. and {Podolak}, Morris and {Greenzweig}, Yuval},
        title = "{Formation of the Giant Planets by Concurrent Accretion of Solids and Gas}",
      journal = {\icarus},
         year = 1996,
        month = nov,
       volume = {124},
       number = {1},
        pages = {62-85},
          doi = {10.1006/icar.1996.0190},
       adsurl = {https://ui.adsabs.harvard.edu/abs/1996Icar..124...62P},
      adsnote = {Provided by the SAO/NASA Astrophysics Data System}
}

@ARTICLE{Rafikov2005,
       author = {{Rafikov}, Roman R.},
        title = "{Can Giant Planets Form by Direct Gravitational Instability?}",
      journal = {\apjl},
     keywords = {Planets and Satellites: Formation, Solar System: Formation, Astrophysics},
         year = 2005,
        month = mar,
       volume = {621},
       number = {1},
        pages = {L69-L72},
          doi = {10.1086/428899},
archivePrefix = {arXiv},
       eprint = {astro-ph/0406469},
 primaryClass = {astro-ph},
       adsurl = {https://ui.adsabs.harvard.edu/abs/2005ApJ...621L..69R},
      adsnote = {Provided by the SAO/NASA Astrophysics Data System}
}

@ARTICLE{Rafikov2006,
       author = {{Rafikov}, Roman R.},
        title = "{Atmospheres of Protoplanetary Cores: Critical Mass for Nucleated Instability}",
      journal = {\apj},
     keywords = {Stars: Planetary Systems: Protoplanetary Disks, Planets and Satellites: Formation, Solar System: Formation, Astrophysics},
         year = 2006,
        month = sep,
       volume = {648},
       number = {1},
        pages = {666-682},
          doi = {10.1086/505695},
archivePrefix = {arXiv},
       eprint = {astro-ph/0405507},
 primaryClass = {astro-ph},
       adsurl = {https://ui.adsabs.harvard.edu/abs/2006ApJ...648..666R},
      adsnote = {Provided by the SAO/NASA Astrophysics Data System}
}

@ARTICLE{Rasio1996,
       author = {{Rasio}, Frederic A. and {Ford}, Eric B.},
        title = "{Dynamical instabilities and the formation of extrasolar planetary systems}",
      journal = {Science},
     keywords = {Aerospace Sciences, Computerized Simulation, Planetary Systems, Planets, Solar System, Gravitation, Orbits, Stability, Units Of Measurement, Astrophysics},
         year = 1996,
        month = nov,
       volume = {274},
        pages = {954-956},
          doi = {10.1126/science.274.5289.954},
       adsurl = {https://ui.adsabs.harvard.edu/abs/1996Sci...274..954R},
      adsnote = {Provided by the SAO/NASA Astrophysics Data System}
}

@ARTICLE{Spurzem2009,
       author = {{Spurzem}, R. and {Giersz}, M. and {Heggie}, D.~C. and {Lin}, D.~N.~C.},
        title = "{Dynamics of Planetary Systems in Star Clusters}",
      journal = {\apj},
     keywords = {globular clusters: general, planetary systems, solar system: formation, Astrophysics},
         year = 2009,
        month = may,
       volume = {697},
       number = {1},
        pages = {458-482},
          doi = {10.1088/0004-637X/697/1/458},
archivePrefix = {arXiv},
       eprint = {astro-ph/0612757},
 primaryClass = {astro-ph},
       adsurl = {https://ui.adsabs.harvard.edu/abs/2009ApJ...697..458S},
      adsnote = {Provided by the SAO/NASA Astrophysics Data System}
}


@ARTICLE{Teyssandier2013,
       author = {{Teyssandier}, Jean and {Naoz}, Smadar and {Lizarraga}, Ian and
         {Rasio}, Frederic A.},
        title = "{Extreme Orbital Evolution from Hierarchical Secular Coupling of Two Giant Planets}",
      journal = {\apj},
     keywords = {planetary systems, planets and satellites: dynamical evolution and stability, Astrophysics - Earth and Planetary Astrophysics},
         year = 2013,
        month = dec,
       volume = {779},
       number = {2},
          eid = {166},
        pages = {166},
          doi = {10.1088/0004-637X/779/2/166},
archivePrefix = {arXiv},
       eprint = {1310.5048},
 primaryClass = {astro-ph.EP},
       adsurl = {https://ui.adsabs.harvard.edu/abs/2013ApJ...779..166T},
      adsnote = {Provided by the SAO/NASA Astrophysics Data System}
}

@ARTICLE{Weidenschilling1996,
       author = {{Weidenschilling}, Stuart J. and {Marzari}, Francesco},
        title = "{Gravitational scattering as a possible origin for giant planets at small stellar distances}",
      journal = {\nat},
         year = 1996,
        month = dec,
       volume = {384},
       number = {6610},
        pages = {619-621},
          doi = {10.1038/384619a0},
       adsurl = {https://ui.adsabs.harvard.edu/abs/1996Natur.384..619W},
      adsnote = {Provided by the SAO/NASA Astrophysics Data System}
}

@ARTICLE{Wu2003,
       author = {{Wu}, Y. and {Murray}, N.},
        title = "{Planet Migration and Binary Companions: The Case of HD 80606b}",
      journal = {\apj},
     keywords = {Stars: Planetary Systems, Stars: Individual: Henry Draper Number: HD 80606b, Astrophysics},
         year = 2003,
        month = may,
       volume = {589},
       number = {1},
        pages = {605-614},
          doi = {10.1086/374598},
archivePrefix = {arXiv},
       eprint = {astro-ph/0303010},
 primaryClass = {astro-ph},
       adsurl = {https://ui.adsabs.harvard.edu/abs/2003ApJ...589..605W},
      adsnote = {Provided by the SAO/NASA Astrophysics Data System}
}

@ARTICLE{Wu2011,
       author = {{Wu}, Yanqin and {Lithwick}, Yoram},
        title = "{Secular Chaos and the Production of Hot Jupiters}",
      journal = {\apj},
     keywords = {planetary systems, Astrophysics - Earth and Planetary Astrophysics, Astrophysics - Solar and Stellar Astrophysics},
         year = 2011,
        month = jul,
       volume = {735},
       number = {2},
          eid = {109},
        pages = {109},
          doi = {10.1088/0004-637X/735/2/109},
archivePrefix = {arXiv},
       eprint = {1012.3475},
 primaryClass = {astro-ph.EP},
       adsurl = {https://ui.adsabs.harvard.edu/abs/2011ApJ...735..109W},
      adsnote = {Provided by the SAO/NASA Astrophysics Data System}
}

@INPROCEEDINGS{Adams2005,
       author = {{Adams}, Fred C.},
        title = "{Formation, migration, and stability of extrasolar planetary systems}",
     keywords = {Extrasolar planets, planetary dynamics, planet formation.},
    booktitle = {IAU Colloq. 197: Dynamics of Populations of Planetary Systems},
         year = 2005,
       editor = {{Kne{\v{z}}evi{\'c}}, Zoran and {Milani}, Andrea},
        month = feb,
        pages = {19-28},
          doi = {10.1017/S1743921304008440},
       adsurl = {https://ui.adsabs.harvard.edu/abs/2005dpps.conf...19A},
      adsnote = {Provided by the SAO/NASA Astrophysics Data System}
}

@ARTICLE{Brucalassi2014,
       author = {{Brucalassi}, A. and {Pasquini}, L. and {Saglia}, R. and {Ruiz}, M.~T. and
         {Bonifacio}, P. and {Bedin}, L.~R. and {Biazzo}, K. and {Melo}, C. and
         {Lovis}, C. and {Randich}, S.},
        title = "{Three planetary companions around M 67 stars}",
      journal = {\aap},
     keywords = {planets and satellites: detection, planetary systems, open clusters and associations: individual: M 67, Astrophysics - Solar and Stellar Astrophysics, Astrophysics - Earth and Planetary Astrophysics},
         year = 2014,
        month = jan,
       volume = {561},
          eid = {L9},
        pages = {L9},
          doi = {10.1051/0004-6361/201322584},
archivePrefix = {arXiv},
       eprint = {1401.4905},
 primaryClass = {astro-ph.SR},
       adsurl = {https://ui.adsabs.harvard.edu/abs/2014A&A...561L...9B},
      adsnote = {Provided by the SAO/NASA Astrophysics Data System}
}

@INBOOK{Ford2003,
       author = {{Ford}, E.~B. and {Rasio}, F.~A. and {Yu}, K.},
        title = "{Dynamical Instabilities in Extrasolar Planetary Systems}",
     keywords = {Astrophysics},
    booktitle = {Scientific Frontiers in Research on Extrasolar Planets},
         year = 2003,
       editor = {{Deming}, Drake and {Seager}, Sara},
       volume = {294},
       series = {Astronomical Society of the Pacific Conference Series},
        pages = {181-188},
       adsurl = {https://ui.adsabs.harvard.edu/abs/2003ASPC..294..181F},
      adsnote = {Provided by the SAO/NASA Astrophysics Data System}
}

@ARTICLE{Goddard2010,
       author = {{Goddard}, Q.~E. and {Bastian}, N. and {Kennicutt}, R.~C.},
        title = "{On the fraction of star clusters surviving the embedded phase}",
      journal = {\mnras},
     keywords = {stars: formation, galaxies: stellar content, galaxies: structure, Astrophysics - Cosmology and Nongalactic Astrophysics},
         year = 2010,
        month = jun,
       volume = {405},
       number = {2},
        pages = {857-869},
          doi = {10.1111/j.1365-2966.2010.16511.x},
archivePrefix = {arXiv},
       eprint = {1002.2894},
 primaryClass = {astro-ph.CO},
       adsurl = {https://ui.adsabs.harvard.edu/abs/2010MNRAS.405..857G},
      adsnote = {Provided by the SAO/NASA Astrophysics Data System}
}

@ARTICLE{Kruijssen2012,
       author = {{Kruijssen}, J.~M. Diederik},
        title = "{On the fraction of star formation occurring in bound stellar clusters}",
      journal = {\mnras},
     keywords = {stars: formation, galaxies: ISM, galaxies: starburst, galaxies: star clusters: general, galaxies: stellar content, Astrophysics - Cosmology and Nongalactic Astrophysics, Astrophysics - Astrophysics of Galaxies},
         year = 2012,
        month = nov,
       volume = {426},
       number = {4},
        pages = {3008-3040},
          doi = {10.1111/j.1365-2966.2012.21923.x},
archivePrefix = {arXiv},
       eprint = {1208.2963},
 primaryClass = {astro-ph.CO},
       adsurl = {https://ui.adsabs.harvard.edu/abs/2012MNRAS.426.3008K},
      adsnote = {Provided by the SAO/NASA Astrophysics Data System}
}

@ARTICLE{2003Lada,
       author = {{Lada}, Charles J. and {Lada}, Elizabeth A.},
        title = "{Embedded Clusters in Molecular Clouds}",
      journal = {\araa},
     keywords = {Astrophysics},
         year = 2003,
        month = jan,
       volume = {41},
        pages = {57-115},
          doi = {10.1146/annurev.astro.41.011802.094844},
archivePrefix = {arXiv},
       eprint = {astro-ph/0301540},
 primaryClass = {astro-ph},
       adsurl = {https://ui.adsabs.harvard.edu/abs/2003ARA&A..41...57L},
      adsnote = {Provided by the SAO/NASA Astrophysics Data System}
}

@ARTICLE{Li2014,
       author = {{Li}, Gongjie and {Naoz}, Smadar and {Holman}, Matt and {Loeb}, Abraham},
        title = "{Chaos in the Test Particle Eccentric Kozai-Lidov Mechanism}",
      journal = {\apj},
     keywords = {binaries: close, celestial mechanics, Astrophysics - Earth and Planetary Astrophysics},
         year = 2014,
        month = aug,
       volume = {791},
       number = {2},
          eid = {86},
        pages = {86},
          doi = {10.1088/0004-637X/791/2/86},
archivePrefix = {arXiv},
       eprint = {1405.0494},
 primaryClass = {astro-ph.EP},
       adsurl = {https://ui.adsabs.harvard.edu/abs/2014ApJ...791...86L},
      adsnote = {Provided by the SAO/NASA Astrophysics Data System}
}



@ARTICLE{Lovis2007,
       author = {{Lovis}, C. and {Mayor}, M.},
        title = "{Planets around evolved intermediate-mass stars. I. Two substellar companions in the open clusters NGC 2423 and NGC 4349}",
      journal = {\aap},
     keywords = {stars: individual: NGC 2423 No. 3, stars: individual: NGC 4349 No. 127, stars: planetary systems, Galaxy: open clusters and associations: individual: NGC 2423, Galaxy: open clusters and associations: individual: NGC 4349, techniques: radial velocities, Astrophysics},
         year = 2007,
        month = sep,
       volume = {472},
       number = {2},
        pages = {657-664},
          doi = {10.1051/0004-6361:20077375},
archivePrefix = {arXiv},
       eprint = {0706.2174},
 primaryClass = {astro-ph},
       adsurl = {https://ui.adsabs.harvard.edu/abs/2007A&A...472..657L},
      adsnote = {Provided by the SAO/NASA Astrophysics Data System}
}

@ARTICLE{Mayor1995,
       author = {{Mayor}, Michel and {Queloz}, Didier},
        title = "{A Jupiter-mass companion to a solar-type star}",
      journal = {\nat},
         year = 1995,
        month = nov,
       volume = {378},
       number = {6555},
        pages = {355-359},
          doi = {10.1038/378355a0},
       adsurl = {https://ui.adsabs.harvard.edu/abs/1995Natur.378..355M},
      adsnote = {Provided by the SAO/NASA Astrophysics Data System}
}

@ARTICLE{Meibom2013,
       author = {{Meibom}, S{\o}ren and {Torres}, Guillermo and {Fressin}, Francois and
         {Latham}, David W. and {Rowe}, Jason F. and {Ciardi}, David R. and
         {Bryson}, Steven T. and {Rogers}, Leslie A. and
         {Henze}, Christopher E. and {Janes}, Kenneth and {Barnes}, Sydney A. and
         {Marcy}, Geoffrey W. and {Isaacson}, Howard and {Fischer}, Debra A. and
         {Howell}, Steve B. and {Horch}, Elliott P. and {Jenkins}, Jon M. and
         {Schuler}, Simon C. and {Crepp}, Justin},
        title = "{The same frequency of planets inside and outside open clusters of stars}",
      journal = {\nat},
     keywords = {Astrophysics - Earth and Planetary Astrophysics},
         year = 2013,
        month = jul,
       volume = {499},
       number = {7456},
        pages = {55-58},
          doi = {10.1038/nature12279},
archivePrefix = {arXiv},
       eprint = {1307.5842},
 primaryClass = {astro-ph.EP},
       adsurl = {https://ui.adsabs.harvard.edu/abs/2013Natur.499...55M},
      adsnote = {Provided by the SAO/NASA Astrophysics Data System}
}

@ARTICLE{Quinn2012,
       author = {{Quinn}, Samuel N. and {White}, Russel J. and {Latham}, David W. and
         {Buchhave}, Lars A. and {Cantrell}, Justin R. and {Dahm}, Scott E. and
         {F{\H{u}}r{\'e}sz}, Gabor and {Szentgyorgyi}, Andrew H. and
         {Geary}, John C. and {Torres}, Guillermo and {Bieryla}, Allyson and
         {Berlind}, Perry and {Calkins}, Michael C. and {Esquerdo}, Gilbert A. and
         {Stefanik}, Robert P.},
        title = "{Two ``b''s in the Beehive: The Discovery of the First Hot Jupiters in an Open Cluster}",
      journal = {\apjl},
     keywords = {open clusters and associations: individual: Praesepe M44 NGC 2632 Beehive, planetary systems, stars: individual: BD+20 2184 2MASS J08421149+1916373, Astrophysics - Earth and Planetary Astrophysics},
         year = 2012,
        month = sep,
       volume = {756},
       number = {2},
          eid = {L33},
        pages = {L33},
          doi = {10.1088/2041-8205/756/2/L33},
archivePrefix = {arXiv},
       eprint = {1207.0818},
 primaryClass = {astro-ph.EP},
       adsurl = {https://ui.adsabs.harvard.edu/abs/2012ApJ...756L..33Q},
      adsnote = {Provided by the SAO/NASA Astrophysics Data System}
}

@ARTICLE{Quinn2014,
       author = {{Quinn}, Samuel N. and {White}, Russel J. and {Latham}, David W. and
         {Buchhave}, Lars A. and {Torres}, Guillermo and {Stefanik}, Robert P. and
         {Berlind}, Perry and {Bieryla}, Allyson and {Calkins}, Michael C. and
         {Esquerdo}, Gilbert A. and {F{\H{u}}r{\'e}sz}, Gabor and
         {Geary}, John C. and {Szentgyorgyi}, Andrew H.},
        title = "{HD 285507b: An Eccentric Hot Jupiter in the Hyades Open Cluster}",
      journal = {\apj},
     keywords = {open clusters and associations: individual: Hyades Melotte 25, planets and satellites: detection, planets and satellites: dynamical evolution and stability, planet-star interactions, stars: individual: HD 285507, Astrophysics - Earth and Planetary Astrophysics},
         year = 2014,
        month = may,
       volume = {787},
       number = {1},
          eid = {27},
        pages = {27},
          doi = {10.1088/0004-637X/787/1/27},
archivePrefix = {arXiv},
       eprint = {1310.7328},
 primaryClass = {astro-ph.EP},
       adsurl = {https://ui.adsabs.harvard.edu/abs/2014ApJ...787...27Q},
      adsnote = {Provided by the SAO/NASA Astrophysics Data System}
}

@ARTICLE{Sato2007,
       author = {{Sato}, Bun'ei and {Izumiura}, Hideyuki and {Toyota}, Eri and
         {Kambe}, Eiji and {Takeda}, Yoichi and {Masuda}, Seiji and
         {Omiya}, Masashi and {Murata}, Daisuke and {Itoh}, Yoichi and
         {Ando}, Hiroyasu and {Yoshida}, Michitoshi and {Ikoma}, Masahiro and
         {Kokubo}, Eiichiro and {Ida}, Shigeru},
        title = "{A Planetary Companion to the Hyades Giant {\ensuremath{\in}} Tauri}",
      journal = {\apj},
     keywords = {Galaxy: Open Clusters and Associations: Individual: Name: Hyades, Stars: Planetary Systems, stars: individual ({\ensuremath{\in}} Tauri), Techniques: Radial Velocities},
         year = 2007,
        month = may,
       volume = {661},
       number = {1},
        pages = {527-531},
          doi = {10.1086/513503},
       adsurl = {https://ui.adsabs.harvard.edu/abs/2007ApJ...661..527S},
      adsnote = {Provided by the SAO/NASA Astrophysics Data System}
}

@ARTICLE{Shara2016,
       author = {{Shara}, Michael M. and {Hurley}, Jarrod R. and {Mardling}, Rosemary A.},
        title = "{Dynamical Interactions Make Hot Jupiters in Open Star Clusters}",
      journal = {\apj},
     keywords = {open clusters and associations: general, planetary systems, planets and satellites: dynamical evolution and stability, planets and satellites: formation, planet─star interactions, stars: kinematics and dynamics, Astrophysics - Earth and Planetary Astrophysics},
         year = 2016,
        month = jan,
       volume = {816},
       number = {2},
          eid = {59},
        pages = {59},
          doi = {10.3847/0004-637X/816/2/59},
archivePrefix = {arXiv},
       eprint = {1411.7061},
 primaryClass = {astro-ph.EP},
       adsurl = {https://ui.adsabs.harvard.edu/abs/2016ApJ...816...59S},
      adsnote = {Provided by the SAO/NASA Astrophysics Data System}
}



@ARTICLE{Xu2016,
       author = {{Xu}, Wenrui and {Lai}, Dong},
        title = "{Disruption of planetary orbits through evection resonance with an external companion: circumbinary planets and multiplanet systems}",
      journal = {\mnras},
     keywords = {binaries: general, planetary systems, Astrophysics - Earth and Planetary Astrophysics},
         year = 2016,
        month = jul,
       volume = {459},
       number = {3},
        pages = {2925-2939},
          doi = {10.1093/mnras/stw890},
archivePrefix = {arXiv},
       eprint = {1602.04751},
 primaryClass = {astro-ph.EP},
       adsurl = {https://ui.adsabs.harvard.edu/abs/2016MNRAS.459.2925X},
      adsnote = {Provided by the SAO/NASA Astrophysics Data System}
}


